@article{dempster2014understanding,
  title={Understanding degenerate ground states of a protected quantum circuit in the presence of disorder},
  author={Dempster, Joshua M and Fu, Bo and Ferguson, David G and Schuster, DI and Koch, Jens},
  journal={Physical Review B},
  volume={90},
  number={9},
  pages={094518},
  year={2014},
  publisher={APS}
}

@article{vool2017introduction,
  title={Introduction to quantum electromagnetic circuits},
  author={Vool, Uri and Devoret, Michel},
  journal={International Journal of Circuit Theory and Applications},
  volume={45},
  number={7},
  pages={897--934},
  year={2017},
  publisher={Wiley Online Library}
}

@article{girvin2011superconducting,
  title={Superconducting qubits and circuits: Artificial atoms coupled to microwave photons},
  author={Girvin, Steven M},
  journal={Lectures delivered at Ecole dâ€™Et{\'e} Les Houches},
  year={2011}
}

@book{reed2013entanglement,
  title={Entanglement and quantum error correction with superconducting qubits},
  author={Reed, Matthew},
  year={2013},
  publisher={Lulu. com}
}

@book{schuster2007circuit,
  title={Circuit quantum electrodynamics},
  author={Schuster, David Isaac},
  year={2007},
  publisher={Yale University}
}

@article{earnest2018realization,
  title={Realization of a $\Lambda$ system with metastable states of a capacitively shunted fluxonium},
  author={Earnest, Nathan and Chakram, Srivatsan and Lu, Yao and Irons, Nicholas and Naik, Ravi K and Leung, Nelson and Ocola, Leo and Czaplewski, David A and Baker, Brian and Lawrence, Jay and others},
  journal={Physical review letters},
  volume={120},
  number={15},
  pages={150504},
  year={2018},
  publisher={APS}
}

@article{blais2007quantum,
  title={Quantum-information processing with circuit quantum electrodynamics},
  author={Blais, Alexandre and Gambetta, Jay and Wallraff, A and Schuster, DI and Girvin, SM and Devoret, MH and Schoelkopf, RJ},
  journal={Physical Review A},
  volume={75},
  number={3},
  pages={032329},
  year={2007},
  publisher={APS}
}

@article{koch2007charge,
  title={Charge-insensitive qubit design derived from the Cooper pair box},
  author={Koch, Jens and Terri, M Yu and Gambetta, Jay and Houck, Andrew A and Schuster, DI and Majer, J and Blais, Alexandre and Devoret, Michel H and Girvin, Steven M and Schoelkopf, Robert J},
  journal={Physical Review A},
  volume={76},
  number={4},
  pages={042319},
  year={2007},
  publisher={APS}
}

@article{paik2011observation,
  title={Observation of high coherence in Josephson junction qubits measured in a three-dimensional circuit QED architecture},
  author={Paik, Hanhee and Schuster, DI and Bishop, Lev S and Kirchmair, G and Catelani, G and Sears, AP and Johnson, BR and Reagor, MJ and Frunzio, L and Glazman, LI and others},
  journal={Physical Review Letters},
  volume={107},
  number={24},
  pages={240501},
  year={2011},
  publisher={APS}
}

@article{blais2004cavity,
  title={Cavity quantum electrodynamics for superconducting electrical circuits: An architecture for quantum computation},
  author={Blais, Alexandre and Huang, Ren-Shou and Wallraff, Andreas and Girvin, Steven M and Schoelkopf, R Jun},
  journal={Physical Review A},
  volume={69},
  number={6},
  pages={062320},
  year={2004},
  publisher={APS}
}

@book{pozarmicrowave,
  title={Microwave Engineering},
  author={Pozar, David M},
  year={2012},
  publisher={John Wiley \& Sons}
}


@article{axline2016architecture,
  title={An architecture for integrating planar and 3D cQED devices},
  author={Axline, Christopher and Reagor, Matthew and Heeres, R and Reinhold, Philip and Wang, Chen and Shain, Kevin and Pfaff, Wolfgang and Chu, Yiwen and Frunzio, Luigi and Schoelkopf, Robert J},
  journal={Applied Physics Letters},
  volume={109},
  number={4},
  pages={042601},
  year={2016},
  publisher={AIP Publishing}
}

@article{houck2007generating,
  title={Generating single microwave photons in a circuit},
  author={Houck, AA and Schuster, DI and Gambetta, JM and Schreier, JA and Johnson, BR and Chow, JM and Frunzio, L and Majer, J and Devoret, MH and Girvin, SM and others},
  journal={Nature},
  volume={449},
  number={7160},
  pages={328},
  year={2007},
  publisher={Nature Publishing Group}
}

@article{schreier2008suppressing,
  title={Suppressing charge noise decoherence in superconducting charge qubits},
  author={Schreier, JA and Houck, Andrew A and Koch, Jens and Schuster, David I and Johnson, BR and Chow, JM and Gambetta, Jay M and Majer, J and Frunzio, L and Devoret, Michel H and others},
  journal={Physical Review B},
  volume={77},
  number={18},
  pages={180502},
  year={2008},
  publisher={APS}
}

@book{nielsenchuang,
  title={Quantum Computation and Quantum Information},
  author={Nielsen, Michael A and Chuang, Isaac L},
  year={2010},
  publisher={Cambridge University Press}
}

@article{scarlino2017all,
  title={All-Microwave Control and Dispersive Readout of Gate-Defined Quantum Dot Qubits in Circuit Quantum Electrodynamics},
  author={Scarlino, P and van Woerkom, DJ and Stockklauser, A and Koski, JV and Collodo, MC and Gasparinetti, S and Reichl, C and Wegscheider, W and Ihn, T and Ensslin, K and others},
  journal={arXiv preprint arXiv:1711.01906},
  year={2017}
}

@article{manucharyan2009fluxonium,
  title={Fluxonium: Single cooper-pair circuit free of charge offsets},
  author={Manucharyan, Vladimir E and Koch, Jens and Glazman, Leonid I and Devoret, Michel H},
  journal={Science},
  volume={326},
  number={5949},
  pages={113--116},
  year={2009},
  publisher={American Association for the Advancement of Science}
}

@article{nakamura1999coherent,
  title={Coherent control of macroscopic quantum states in a single-Cooper-pair box},
  author={Nakamura, Yasunobu and Pashkin, Yu A and Tsai, JS},
  journal={nature},
  volume={398},
  number={6730},
  pages={786},
  year={1999},
  publisher={Nature Publishing Group}
}

@article{divincenzo2000physical,
  title={The physical implementation of quantum computation},
  author={DiVincenzo, David P},
  journal={Fortschritte der Physik: Progress of Physics},
  volume={48},
  number={9-11},
  pages={771--783},
  year={2000},
  publisher={Wiley Online Library}
}